<?xml version="1.0" encoding="UTF-8"?><collection xmlns="http://www.loc.gov/MARC21/slim"><record><leader>00518nam--2200193-i-4500</leader><controlfield tag="001">000040259</controlfield><controlfield tag="002">20161230</controlfield><controlfield tag="005">20161230201042</controlfield><controlfield tag="008">060222s1000------------r-----000-0-rum-d</controlfield><datafield ind1=" " ind2=" " tag="040"><subfield code="a">IFIN-HH</subfield></datafield><datafield ind1=" " ind2=" " tag="041"><subfield code="a">rum</subfield></datafield><datafield ind1=" " ind2=" " tag="080"><subfield code="a">539.16.08:622.323:665.5</subfield></datafield><datafield ind1="1" ind2=" " tag="100"><subfield code="a">Peteu, Gh</subfield></datafield><datafield ind1="1" ind2="0" tag="245"><subfield code="a">Radioactivitatea aplicata in industria petroliera</subfield><subfield code="c">Gh. peteu, p. sandru</subfield></datafield><datafield ind1=" " ind2=" " tag="260"><subfield code="a">Bucuresti</subfield><subfield code="b">Editura Academiei Rsr</subfield><subfield code="c">1971</subfield></datafield><datafield ind1=" " ind2=" " tag="300"><subfield code="a">206 P</subfield></datafield><datafield ind1="1" ind2=" " tag="700"><subfield code="a">Sandru, P</subfield></datafield><datafield ind1=" " ind2=" " tag="852"><subfield code="a">35363</subfield><subfield code="c">539.16</subfield></datafield><datafield ind1=" " ind2=" " tag="CAT"><subfield code="a">Sys</subfield><subfield code="c">20120515</subfield><subfield code="h">102611</subfield></datafield></record></collection>